% Chapter 4
@inproceedings{AGM,
  author = {S. Arora and R. Ge and A. Moitra},
  title = {Learning topic models \--- Going Beyond {SVD}},
  booktitle = {FOCS},
  year = 2012,
}

@inproceedings{AHK,
	author = {A. Anandkumar and D. Hsu and S. Kakade},
	title = {A method of moments for mixture models and hidden Markov models},
	booktitle = {COLT},
	year = {2012},
}

@article{airoldi2008mixed,
  title={Mixed membership stochastic blockmodels},
  author={Airoldi, Edoardo M and Blei, David M and Fienberg, Stephen E and Xing, Eric P},
  journal={Journal of machine learning research},
  volume={9},
  number={Sep},
  pages={1981--2014},
  year={2008}
}

@inproceedings{anandkumar2012,
  author    = {Anima Anandkumar and Dean P. Foster and Daniel Hsu and Sham Kakade and Yi{-}Kai Liu},
  title     = {A Spectral Algorithm for Latent {Dirichlet} Allocation},
  booktitle = {NIPS},
  year      = {2012},  
}

@inproceedings{anandkumar2012method,
  title={A method of moments for mixture models and hidden Markov models},
  author={Anandkumar, Animashree and Hsu, Daniel and Kakade, Sham M},
  booktitle={Conference on Learning Theory},
  pages={33--1},
  year={2012}
}

@inproceedings{arora2013practical,
	title={A Practical Algorithm for Topic Modeling with Provable Guarantees},
	author={Sanjeev Arora and Rong Ge and Yonatan Halpern and David Mimno and Ankur Moitra and David Sontag and Yichen Wu and Michael Zhu},
	booktitle={ICML}, year={2013}
}

@inProceedings{bansal2014,
  title = {A provable {SVD}-based algorithm for learning topics in dominant admixture corpus},
  author = {Bansal, Trapit and Bhattacharyya, Chiranjib and Kannan, Ravindran},
  booktitle = {NIPS}, 
  year = {2014},  
}

@article{blei2017variational,
  title={Variational inference: A review for statisticians},
  author={Blei, David M and Kucukelbir, Alp and McAuliffe, Jon D},
  journal={Journal of the American Statistical Association},
  volume={112},
  number={518},
  pages={859--877},
  year={2017},
  publisher={Taylor \& Francis}
}

@article{bolte2014proximal,
  title={Proximal alternating linearized minimization for nonconvex and nonsmooth problems},
  author={Bolte, J{\'e}r{\^o}me and Sabach, Shoham and Teboulle, Marc},
  journal={Mathematical Programming},
  volume={146},
  number={1-2},
  pages={459--494},
  year={2014},
  publisher={Springer}
}

@inproceedings{ding2015most,
  title={Most large topic models are approximately separable},
  author={Ding, Weicong and Ishwar, Prakash and Saligrama, Venkatesh},
  booktitle={ITA, 2015},
  pages={199--203},
  year={2015},
  organization={IEEE}
}

@inproceedings{chang2009reading,
  author={Jonathan Chang and Jordan Boyd-Graber and Chong Wang and Sean Gerrish and David M. Blei},
  title={Reading Tea Leaves: How Humans Interpret Topic Models},
  booktitle={NIPS},
  year={2009},
}

@article{erosheva2003bayesian,
author = {A. Erosheva, E},
year = {2003},
month = {01},
pages = {},
title = {Bayesian estimation of the Grade of Membership Model},
volume = {7},
journal = {Bayesian Stat.}
}

@article{gillis2014fast,
  title={Fast and robust recursive algorithmsfor separable nonnegative matrix factorization},
  author={Gillis, Nicolas and Vavasis, Stephen A},
  journal={IEEE transactions on pattern analysis and machine intelligence},
  volume={36},
  number={4},
  pages={698--714},
  year={2014},
  publisher={IEEE}
}

@article{halko2011finding,
  title={Finding structure with randomness: Probabilistic algorithms for constructing approximate matrix decompositions},
  author={Halko, Nathan and Martinsson, Per-Gunnar and Tropp, Joel A},
  journal={SIAM review},
  volume={53},
  number={2},
  pages={217--288},
  year={2011},
  publisher={SIAM}
}

@article{Hoyer2004,
  author = {Hoyer, Patrik O.},
  title = {Non-negative Matrix Factorization with Sparseness Constraints},
  journal = {JMLR},
  year = {2004}, 
} 

@article{hsu2012spectral,
  title={A spectral algorithm for learning hidden Markov models},
  author={Hsu, Daniel and Kakade, Sham M and Zhang, Tong},
  journal={Journal of Computer and System Sciences},
  volume={78},
  number={5},
  pages={1460--1480},
  year={2012},
  publisher={Elsevier}
}

@inproceedings{huang2016,
  title = {Anchor-Free Correlated Topic Modeling: Identifiability and Algorithm},
  author = {Huang, Kejun and Fu, Xiao and Sidiropoulos, Nikolaos D.},
  booktitle = {NIPS},
  year = {2016},
}

@article{JGJS,
	author = {M. Jordan and Z. Ghahramani and T. Jaakola and L. Saul},
	title = {Introduction to variational methods for graphical models},
	journal = {Machine Learning}, 
	pages = {183--233}, 
	year = {1999},
}

@inproceedings{kulesza2014low,
  title={Low-rank spectral learning},
  author={Kulesza, Alex and Rao, N Raj and Singh, Satinder},
  booktitle={Artificial Intelligence and Statistics},
  pages={522--530},
  year={2014}
}

@article{landauer1998introduction,
  title={An introduction to latent semantic analysis},
  author={Landauer, Thomas K and Foltz, Peter W and Laham, Darrell},
  journal={Discourse processes},
  volume={25},
  number={2-3},
  pages={259--284},
  year={1998},
  publisher={Taylor \& Francis}
}

@article{LDA,
	author = {D. Blei and A. Ng and M. Jordan},
	title = {Latent {Dirichlet} Allocation},
	journal = {JMLR}, 	
	year = {2003},	
}

@inproceedings{levy2014neural,
	title={Neural Word Embedding as Implicit Matrix Factorization},
	author={Omer Levy and Yoav Goldberg},
	booktitle={NIPS}, year={2014}
}

@inproceedings{liang2016factorization,
  title={Factorization meets the item embedding: Regularizing matrix factorization with item co-occurrence},
  author={Liang, Dawen and Altosaar, Jaan and Charlin, Laurent and Blei, David M},
  booktitle={Proceedings of the 10th ACM conference on recommender systems},
  pages={59--66},
  year={2016},
  organization={ACM}
}

@inproceedings{moontae2015nips,
	title = {Robust Spectral Inference for Joint Stochastic Matrix Factorization},
	author = {Lee, Moontae and Bindel, David and Mimno, David},
	booktitle = {NIPS},
	year = {2015}
}

@inproceedings{moontae2017from,
  title={From Correlation to Hierarchy: Practical Topic Modeling via Spectral Inference},
  author={Lee, Moontae and Bindel, David and Mimno, David},
  booktitle={12th INFORMS Workshop on Data Mining and Decision Analytics},
  year={2017}
}

@manual{neal1993probabilistic,
  title={Probabilistic inference using Markov chain Monte Carlo methods},
  author={Neal, Radford M},
  year={1993},
  publisher={Department of Computer Science, University of Toronto Toronto, Ontario, Canada}
}

@article{neal2011mcmc,
  title={MCMC using Hamiltonian dynamics},
  author={Neal, Radford M and others},
  journal = {Handbook of markov chain monte carlo},
  volume={2},
  number={11},
  pages={2},
  year={2011}
}

@inproceedings{pennington2014glove,
	title={{GloVe}: Global Vectors for Word Representation},
	author={Jeffrey Pennington and Richard Socher and Christopher D. Manning},
	booktitle={EMNLP}, year={2014}
}

@article{pritchard2000inference,
  title={Inference of population structure using multilocus genotype data},
  author={Pritchard, Jonathan K and Stephens, Matthew and Donnelly, Peter},
  journal={Genetics},
  volume={155},
  number={2},
  pages={945--959},
  year={2000},
  publisher={Genetics Soc America}
}

@book{robert2013monte,
  title={Monte Carlo statistical methods},
  author={Robert, Christian and Casella, George},
  year={2013},
  publisher={Springer Science \& Business Media}
}

@article{WJ,
	author = {M. Wainwright and M. Jordan},
	title = {Graphical models, exponential families, and variational inference},
	journal = {Foundations and Trends in Machine Learning}, 
	pages = {1--305}, 
	year = {2008},
}